<?xml version="1.0" encoding="UTF-8"?><collection><record><leader>04444ntm a2200481 a 4500</leader><controlfield tag="001">005968619</controlfield><controlfield tag="003">MiAaHDL</controlfield><controlfield tag="005">20190719000000.0</controlfield><controlfield tag="006">m        d        </controlfield><controlfield tag="007">cr bn ---auaua</controlfield><controlfield tag="008">090324s16uu    xx            00| ||ara d</controlfield><datafield tag="035" ind1=" " ind2=" "><subfield code="a">(MiU)005968619</subfield></datafield><datafield tag="035" ind1=" " ind2=" "><subfield code="a">sdr-miu005968619</subfield></datafield><datafield tag="040" ind1=" " ind2=" "><subfield code="a">MiU</subfield><subfield code="c">MiU</subfield></datafield><datafield tag="100" ind1="0" ind2=" "><subfield code="6">880-01</subfield><subfield code="a">Abū Saʻīd al-Ḥunayfī.</subfield></datafield><datafield tag="245" ind1="1" ind2="0"><subfield code="6">880-02</subfield><subfield code="a">[Tafsīr al-Qurʼān,</subfield><subfield code="f">17th century].</subfield></datafield><datafield tag="246" ind1="3" ind2="8"><subfield code="a">تفسير حنفى</subfield></datafield><datafield tag="260" ind1=" " ind2=" "><subfield code="c">[16--]</subfield></datafield><datafield tag="300" ind1=" " ind2=" "><subfield code="a">209 leaves :</subfield><subfield code="b">paper ;</subfield><subfield code="c">195 x 140 (145 x 95) mm.</subfield></datafield><datafield tag="500" ind1=" " ind2=" "><subfield code="a">Shelfmark: Ann Arbor, University of Michigan, Special Collections Library, Isl. Ms. 12</subfield></datafield><datafield tag="500" ind1=" " ind2=" "><subfield code="a">Origin: Lacks dated colophon ; paper suggests 18th century.</subfield></datafield><datafield tag="500" ind1=" " ind2=" "><subfield code="a">Accompanying materials: a. Between pp.80-81, machine-made paper with accounts -- b. between pp.172-173, a commendation slip dated 1318 [1900] issued by a civil primary school in Erzurum and carrying the director's seal -- c. between pp.390-391, accounts slip on laid paper.</subfield></datafield><datafield tag="500" ind1=" " ind2=" "><subfield code="a">Former shelfmark: British Museum, London "No. 67. Commentary on Kuran."</subfield></datafield><datafield tag="500" ind1=" " ind2=" "><subfield code="a">Binding: Pasteboards covered in untinted laid paper with spine light brown leather (effective quarter binding) ; Type III binding (without flap) ; sewn in cream thread, two stations ; worked chevron endbands in maroon, intact at head and tail ; in fair condition with only minor abrasion on at corners and some red rot on spine leather.</subfield></datafield><datafield tag="500" ind1=" " ind2=" "><subfield code="a">Support: European laid paper with 11 laid lines per cm. (vertial) and chain lines spaced 24 mm. apart (horizontal) ; pot watermark in at least three designs, one with empty interior except for bisecting line, two handles, four feet, with lid and surmounted by stalk and crown, another carrying "M" with lid surmounted by stalk and crescent, and another carrying "P B" with lid surmounted by stalk and floral motif.</subfield></datafield><datafield tag="500" ind1=" " ind2=" "><subfield code="a">Decoration: Qur'ānic text overlined in red.</subfield></datafield><datafield tag="500" ind1=" " ind2=" "><subfield code="a">Script: Naskh ; clear Turkish hand ; mainly serifless with slight effect of tilt to the left, mainly open counters, curvilinear descenders, pointing in distinct dots, use of both freely ligatured with waw and lām occasionally assimilated, etc. ; chapter headings seriffed with rightward serif on alif and lām ; occasional vocalization added to Qur'ānic quotations by glossator ; glosses in several other hands.</subfield></datafield><datafield tag="500" ind1=" " ind2=" "><subfield code="a">Layout: Written in 13 lines per page.</subfield></datafield><datafield tag="500" ind1=" " ind2=" "><subfield code="a">Collation: i, 25 IV(200), IV + 1 (209) ; chiefly quaternions ; catchwords present ; pagination in pencil, Western numerals, supplied during cataloguing.</subfield></datafield><datafield tag="500" ind1=" " ind2=" "><subfield code="a">Explicit: "اله الناس من شر الوسواس اي الموسوس الوسواس بفتح الواو و"</subfield></datafield><datafield tag="500" ind1=" " ind2=" "><subfield code="a">Incipit: "قوله تعالى والسماء ذات البروج الى اخر السورة قال الشيخ ابو الحنيفي رحمة الله عليه اعلم ان في هذه السورة كلاما من خمسة اوجه احدها في فضائل قرأتها والثاني في عدد اياتها وكلماتها وحروفها والثالث نزولها والرابع في تفسيرها والخامس فيما يتصل بها"</subfield></datafield><datafield tag="500" ind1=" " ind2=" "><subfield code="a">Title supplied by cataloguer.</subfield></datafield><datafield tag="500" ind1=" " ind2=" "><subfield code="a">Ms. codex.</subfield></datafield><datafield tag="520" ind1="8" ind2=" "><subfield code="a">Clear copy of an odd final volume of a commentary on the Qurʼān attributed to Abū Saʻīd al-Ḥunayfī (al-Ḥanīfī), beginning in Sūrat al-burūj (85) and continuing through Sūrat al-nās (114). Incomplete with final leaves missing (ends in verse four of the final sūrah). Description provided mainly by Sarah Mirza.</subfield></datafield><datafield tag="538" ind1=" " ind2=" "><subfield code="a">Mode of access: Internet.</subfield></datafield><datafield tag="541" ind1=" " ind2=" "><subfield code="c">Purchase ;</subfield><subfield code="a">Acquired by purchase along with Abdul Hamid Collection (funds donated by Horace Rackham).</subfield><subfield code="d">1924.</subfield></datafield><datafield tag="546" ind1=" " ind2=" "><subfield code="a">Arabic.</subfield></datafield><datafield tag="561" ind1=" " ind2=" "><subfield code="a">Bookplate of British Museum, London on interior of upper cover, "British Museum, London. No. 67. Commentary on Kuran." ; circular seal impression with figure of goat/gazelle in purple ink as well as inscription "187" in Western numerals on recto of front flyleaf ; occasional glosses and marginal corrections.</subfield></datafield><datafield tag="630" ind1="0" ind2="0"><subfield code="a">Qurʼan</subfield><subfield code="v">Commentaries</subfield><subfield code="v">Early works to 1800.</subfield></datafield><datafield tag="650" ind1=" " ind2="0"><subfield code="a">Manuscripts, Arabic</subfield><subfield code="z">Michigan</subfield><subfield code="z">Ann Arbor.</subfield></datafield><datafield tag="773" ind1="0" ind2=" "><subfield code="a">Tiflis Collection.</subfield></datafield><datafield tag="880" ind1="1" ind2="0"><subfield code="6">245-02/</subfield><subfield code="a">[تفسير القرآن,</subfield><subfield code="f">القرن 17م].</subfield></datafield><datafield tag="880" ind1="0" ind2=" "><subfield code="6">100-01/</subfield><subfield code="a">ابو سعيد الحنيفي.</subfield></datafield><datafield tag="CID" ind1=" " ind2=" "><subfield code="a">005968619</subfield></datafield><datafield tag="DAT" ind1="0" ind2=" "><subfield code="a">20190719102633.0</subfield><subfield code="b">20190719000000.0</subfield></datafield><datafield tag="DAT" ind1="1" ind2=" "><subfield code="a">20190719090653.0</subfield><subfield code="b">2019-07-19T16:11:07Z</subfield></datafield><datafield tag="DAT" ind1="2" ind2=" "><subfield code="a">2015-10-10T18:00:06Z</subfield></datafield><datafield tag="CAT" ind1=" " ind2=" "><subfield code="a">SDR-MIU</subfield><subfield code="d">EX LIBRIS - ALEPH</subfield><subfield code="l">prepare.pl-004-008</subfield></datafield><datafield tag="FMT" ind1=" " ind2=" "><subfield code="a">BK</subfield></datafield><datafield tag="HOL" ind1=" " ind2=" "><subfield code="0">sdr-miu005968619</subfield><subfield code="a">MiU</subfield><subfield code="b">SDR</subfield><subfield code="c">MIU</subfield><subfield code="p">mdp.39015079105113</subfield><subfield code="s">MIU</subfield><subfield code="1">005968619</subfield></datafield><datafield tag="974" ind1=" " ind2=" "><subfield code="b">MIU</subfield><subfield code="c">MIU</subfield><subfield code="d">20190719</subfield><subfield code="s">lit-dlps-dc</subfield><subfield code="u">mdp.39015079105113</subfield><subfield code="y">1699</subfield><subfield code="r">pd</subfield><subfield code="q">bib</subfield><subfield code="t">non-US bib date1 &lt; 1896</subfield></datafield></record></collection>